@inproceedings{Arun,
  author = {K. S. Arun and T. S. Huang and S. D. Blostein},
  booktitle = {IEEE transactions on pattern analysis and machine intelligence},
  title = {Least-Squares Fitting of Two 3-D Point Sets},
  publisher = {IEEE Computer Society},
  year = {1987},
  pages = {698-700},
  volume = {PAMI-9},
  number = {issue 5},
}

@book{citaceMCzSz2pIfTEoPTOg,
  author = {Abhijit Jana},
  title = {Kinect for Windows SDK Programming Guide},
  publisher = {Packt Pub},
  year = {2012},
}

@article{citacenXD3i6AqeFzHEXNW,
  author = {Xiangsheng Huang and Xinghao Chen and Tao Tang and Ziling Huang},
  journal = {Mathematical Problems in Engineering},
  title = {Marching Cubes Algorithm for Fast 3D Modeling of Human Face by Incremental Data Fusion},
  year = {2013},
  pages = {1-7},
  volume = {vol. 2013},
}

@misc{citaceOSQrv4IfRwQzaRJX,
  author = {Richard A. Newcombe and Shahram Izadi and Otmar Hilliges and David Molyneaux and David Kim and Andrew J. Davison and Pushmeet Kohli and Jamie Shotton and Steve Hodges and Andrew Fitzgibbon},
  title = {KinectFusion},
  year = {2011},
}

@misc{citace27mfVSssJfM62KsS,
  author = {Shahram Izadi and David Kim and Otmar Hilliges and David Molyneaux and Richard Newcombe and Pushmeet Kohli and Jamie Shotton and Steve Hodges and Dustin Freeman and Andrew Davison and Andrew Fitzgibbon},
  title = {KinectFusion},
  year = {2011},
}

@inproceedings{citaceaIXBWO3Ih2i6CC2j,
  author = {D. W. Eggert and A. Lorusso and R. B. Fisher},
  booktitle = {Machine Vision and Applications},
  title = {Estimating 3-D rigid body transformations: a comparison of four major algorithms},
  year = {1997},
}

@inproceedings{citaceF3eJR1oF3cAd4JfR,
  author = {C. Tomasi and R. Manduchi},
  booktitle = {Proceedings of the1998 IEEE International Conference on Computer Vision, Bombay, India},
  title = {Bilateral Filtering for Gray and Color Images},
  year = {1998},
}

@article{citaceqS0ifedceqgRuCxD,
  author = {Francesco Banterle and Massimiliano Corsini and Paolo Cignoni and Roberto Scopigno},
  journal = {Computer Graphics Forum},
  title = {A Low-Memory, Straightforward and Fast Bilateral Filter Through Subsampling in Spatial Domain},
  year = {2012},
  pages = {19-32},
  volume = {vol. 31},
  number = {issue 1},
}

